@article{nagel1971computer,
  title={ {Computer analysis of nonlinear circuits, excluding radiation (CANCER)} },
  author={Nagel, Laurence and Rohrer, Ronald},
  journal={IEEE Journal of Solid-State Circuits},
  volume={6},
  number={4},
  pages={166--182},
  year={1971},
  publisher={IEEE}
}
@article{mccalla1971bias,
  title={ {BIAS-3-A program for the nonlinear dc analysis of bipolar transistor circuits} },
  author={McCalla, WJ and Howard, WG},
  journal={IEEE Journal of Solid-State Circuits},
  volume={6},
  number={1},
  pages={14--19},
  year={1971},
  publisher={IEEE}
}
@techreport{Nagel:M382,
    Author = {Nagel, Laurence W. and Pederson, D.O.},
    Title = { {SPICE (Simulation Program with Integrated Circuit Emphasis)} },
    Institution = {EECS Department, University of California, Berkeley},
    Year = {1973},
    Month = {Apr},
    URL = {http://www2.eecs.berkeley.edu/Pubs/TechRpts/1973/22871.html},
    Number = {UCB/ERL M382},
    Abstract = {A new circuit simulation program, SPICE, is described. The simulation capabilities of nonlinear dc analysis, small signal analysis, and nonlinear transient analysis are combined in a nodal analysis program to yield a reasonably general purpose electronic circuit simulation program. Particular emphasis is placed upon the circuit models for the BJT and the FET which are implemented in SPICE.}
}
@article{estevez2000structural,
  title={ {Structural analysis of electric circuits and consequences for MNA} },
  author={Est{\'e}vez Schwarz, Diana and Tischendorf, Caren},
  journal={International Journal of Circuit Theory and Applications},
  volume={28},
  number={2},
  pages={131--162},
  year={2000},
  publisher={Wiley Online Library},
  comment={DAE-Index 分析}
}
@book{kunkel2006differential,
  title={ {Differential-algebraic equations: analysis and numerical solution} },
  author={Kunkel, Peter and Mehrmann, Volker},
  volume={2},
  year={2006},
  publisher={European Mathematical Society}
}
@article{gunther2005modelling,
  title={ {Modelling and discretization of circuit problems} },
  author={G{\"u}nther, Michael and Feldmann, Uwe and ter Maten, Jan},
  journal={Handbook of numerical analysis},
  volume={13},
  pages={523--659},
  year={2005},
  publisher={Elsevier}
}
@inproceedings{chauhan2012bsim,
  title={ {BSIM—Industry standard compact MOSFET models} },
  author={Chauhan, Yogesh Singh and Venugopalan, Sriram and Karim, Mohammed A and Khandelwal, Sourabh and Paydavosi, Navid and Thakur, Pankaj and Niknejad, Ali M and Hu, Chenming C},
  booktitle={2012 Proceedings of the European Solid-State Device Research Conference (ESSDERC)},
  pages={46--49},
  year={2012},
  organization={IEEE}
}
@book{ezaki2008physics,
  title={ {Physics And Modeling Of Mosfets, The: Surface-potential Model Hisim} },
  author={Ezaki, Tatsuya and Mattausch, Hans Jurgen and Miura-mattausch, Mitiko},
  year={2008},
  publisher={World Scientific}
}
@article{gildenblat2006psp,
  title={ {PSP: An advanced surface-potential-based MOSFET model for circuit simulation} },
  author={Gildenblat, Gennady and Li, Xin and Wu, Weimin and Wang, Hailing and Jha, Amit and Van Langevelde, Ronald and Smit, Geert DJ and Scholten, Andries J and Klaassen, Dirk BM},
  journal={IEEE Transactions on Electron Devices},
  volume={53},
  number={9},
  pages={1979--1993},
  year={2006},
  publisher={IEEE}
}
@article{hachtel1971sparse,
  title={ {The sparse tableau approach to network analysis and design} },
  author={Hachtel, Gary and Brayton, R and Gustavson, Fred},
  journal={IEEE Transactions on circuit theory},
  volume={18},
  number={1},
  pages={101--113},
  year={1971},
  publisher={IEEE}
}
@article{ho1975modified,
  title={ {The modified nodal approach to network analysis} },
  author={Ho, Chung-Wen and Ruehli, Albert and Brennan, Pierce},
  journal={IEEE Transactions on circuits and systems},
  volume={22},
  number={6},
  pages={504--509},
  year={1975},
  publisher={IEEE}
}
@article{nastov2007fundamentals,
  title={ {Fundamentals of fast simulation algorithms for RF circuits} },
  author={Nastov, Ognen and Telichevesky, Rircardo and Kundert, Ken and White, Jacob},
  journal={Proceedings of the IEEE},
  volume={95},
  number={3},
  pages={600--621},
  year={2007},
  publisher={IEEE}
}
@book{najm2010circuit,
  title={ {Circuit simulation} },
  author={Najm, Farid N},
  year={2010},
  publisher={John Wiley \& Sons}
}
@inproceedings{fijnvandraat2002time,
  title={ {Time domain analog circuit simulation} },
  author={Fijnvandraat, JG and Houben, SHMJ and ter Maten, EJW and Peters, JMF},
  booktitle={International Workshop on Computational codes: Technological Aspects of Mathematics},
  year={2002}
}


@article{ter1999numerical,
  title={ {Numerical methods for frequency domain analysis of electronic circuits} },
  author={Ter Maten, EJW},
  journal={Survey on Mathematics for Industry},
  volume={8},
  pages={171--185},
  year={1999},
  comment={Pstar's Hierarchical Simulation, 调用方式类似, 对方程右端项及 Jacobian 矩阵的贡献.}
}
@article{mukherjee1999hierarchical,
  title={ {Hierarchical mixed-domain circuit simulation, synthesis and extraction methodology for MEMS} },
  author={Mukherjee, Tamal and Fedder, Gary K},
  journal={Journal of VLSI signal processing systems for signal, image and video technology},
  volume={21},
  number={3},
  pages={233--249},
  year={1999},
  publisher={Springer},
  comment={Fedder, 较早期的层次仿真}
}
@misc{tcherniaev2003transistor,
  title={ {Transistor level circuit simulator using hierarchical data} },
  author={Tcherniaev, Andrei and Feinberg, Iouri and Chan, Walter and Tuan, Jeh-Fu and Deng, An-Chang},
  year={2003},
  month=jun # "~10",
  publisher={Google Patents},
  note={US Patent 6,577,992},
  comment={层级仿真数据表达专利. 只考虑了电压存储, 没有诸如 OLDC,GALV 之类的表达.}
}


@article{ieee2006ieee-1364-2005,
  title={ {IEEE standard for Verilog hardware description language (IEEE 1364-2005)} },
  author={IEEE Standards Association and others},
  journal={http://standards.ieee.org/},
  year={2006}
}
@article{verilog2014verilog,
  title={ {Verilog-AMS Language Reference Manual} },
  author={Verilog, HDL},
  journal={Eda-Stds. Org},
  year={2014},
  publisher={Citeseer},
  comment={许多概念有对照. 获取节点电压分支电流信号, 外接节点、内外参数.}
}
@inproceedings{lemaitre2002adms,
  title={ {ADMS-automatic device model synthesizer} },
  author={Lemaitre, Laurant and McAndrew, Colin and Hamm, Steve},
  booktitle={Proceedings of the IEEE 2002 Custom Integrated Circuits Conference (Cat. No. 02CH37285)},
  pages={27--30},
  year={2002},
  organization={IEEE},
  comment={著名开源 Verilog-A 编译器, ngspice 采用}
}
@article{christen1999vhdl,
  title={ {VHDL-AMS-a hardware description language for analog and mixed-signal applications} },
  author={Christen, Ernst and Bakalar, Kenneth},
  journal={IEEE Transactions on Circuits and Systems II: Analog and Digital Signal Processing},
  volume={46},
  number={10},
  pages={1263--1272},
  year={1999},
  publisher={IEEE}
}
@article{pecheux2005vhdl,
  title={ {VHDL-AMS and Verilog-AMS as alternative hardware description languages for efficient modeling of multidiscipline systems} },
  author={P{\^e}cheux, Fran{\c{c}}ois and Lallement, Christophe and Vachoux, Alain},
  journal={IEEE transactions on Computer-Aided design of integrated Circuits and Systems},
  volume={24},
  number={2},
  pages={204--225},
  year={2005},
  publisher={IEEE}
}

@book{razavi2002design,
  title={ {Design of analog CMOS integrated circuits} },
  author={Razavi, Behzad},
  year={2002},
  publisher={Tata McGraw-Hill Education}
}
@article{silveira1996g,
  title={ {A g/sub m//I/sub D/based methodology for the design of CMOS analog circuits and its application to the synthesis of a silicon-on-insulator micropower OTA} },
  author={Silveira, Flandre and Flandre, Denis and Jespers, Paul GA},
  journal={IEEE journal of solid-state circuits},
  volume={31},
  number={9},
  pages={1314--1319},
  year={1996},
  publisher={IEEE}
}
@book{jespers2009gm,
  title={ {The gm/ID Methodology, a sizing tool for low-voltage analog CMOS Circuits: The semi-empirical and compact model approaches} },
  author={Jespers, Paul},
  year={2009},
  publisher={Springer Science \& Business Media}
}
@inproceedings{zhan2004optimization,
  title={ {Optimization of integrated spiral inductors using sequential quadratic programming} },
  author={Zhan, Yong and Sapatnekar, Sachin S},
  booktitle={Proceedings Design, Automation and Test in Europe Conference and Exhibition},
  volume={1},
  pages={622--627},
  year={2004},
  organization={IEEE},
  comment={梯度优化, 基于 sensitivity analysis 获取梯度}
}
@inproceedings{agrawal2006circuit,
  title={ {Circuit optimization using scale based sensitivities} },
  author={Agrawal, Bhavna and Liu, Frank and Nassif, Sani},
  booktitle={IEEE Custom Integrated Circuits Conference 2006},
  pages={635--638},
  year={2006},
  organization={IEEE},
  comment={较早期的使用瞬态仿真 sensitivity 进行自动设计的工作}
}
@article{huang2013efficient,
  title={ {An efficient optimization based method to evaluate the DRV of SRAM cells} },
  author={Huang, Guanming and Qian, Liuxi and Saibua, Siwat and Zhou, Dian and Zeng, Xuan},
  journal={IEEE Transactions on Circuits and Systems I: Regular Papers},
  volume={60},
  number={6},
  pages={1511--1520},
  year={2013},
  publisher={IEEE},
  comment={基于局部信息重构梯度}
}
@inproceedings{nieuwoudt2005multi,
  title={ {Multi-level approach for integrated spiral inductor optimization} },
  author={Nieuwoudt, Arthur and Massoud, Yehia},
  booktitle={Proceedings of the 42nd annual Design Automation Conference},
  pages={648--651},
  year={2005},
  comment={先作Mesh Adaptive Direct Search(MADS), 可能是再用sensitivity analysis获取梯度作局部梯度优化(参考zhan2004optimization, 需确认). 问吕文龙, sensitivity analysis有啥局限, 能端到端透传吗?}
}
@inproceedings{peng2016efficient,
  title={ {Efficient multiple starting point optimization for automated analog circuit optimization via recycling simulation data} },
  author={Peng, Bo and Yang, Fan and Yan, Changhao and Zeng, Xuan and Zhou, Dian},
  booktitle={2016 Design, Automation \& Test in Europe Conference \& Exhibition (DATE)},
  pages={1417--1422},
  year={2016},
  organization={IEEE},
  comment={基于局部信息逼近梯度}
}
@article{girardi2011analog,
  title={ {Analog CMOS Design Automation Methodologies for Low-Power Applications} },
  author={Girardi, Alessandro and Severo, Lucas C},
  journal={Advances in Analog Circuits},
  pages={1},
  year={2011},
  comment={gm/id方法或黑盒优化}
}
@inproceedings{lyu2018batch,
  title={ {Batch Bayesian optimization via multi-objective acquisition ensemble for automated analog circuit design} },
  author={Lyu, Wenlong and Yang, Fan and Yan, Changhao and Zhou, Dian and Zeng, Xuan},
  booktitle={International conference on machine learning},
  pages={3306--3314},
  year={2018},
  organization={PMLR},
  comment={代理模型}
}
@inproceedings{wang2014enabling,
  title={ {Enabling efficient analog synthesis by coupling sparse regression and polynomial optimization} },
  author={Wang, Ye and Orshansky, Michael and Caramanis, Constantine},
  booktitle={Proceedings of the 51st Annual Design Automation Conference},
  pages={1--6},
  year={2014},
  comment={多项式回归, 可归为代理模型}
}
@article{lyu2017efficient,
  title={ {An efficient bayesian optimization approach for automated optimization of analog circuits} },
  author={Lyu, Wenlong and Xue, Pan and Yang, Fan and Yan, Changhao and Hong, Zhiliang and Zeng, Xuan and Zhou, Dian},
  journal={IEEE Transactions on Circuits and Systems I: Regular Papers},
  volume={65},
  number={6},
  pages={1954--1967},
  year={2017},
  publisher={IEEE},
  comment={代理模型}
}
@inproceedings{tang2018parametric,
  title={ {Parametric circuit optimization with reinforcement learning} },
  author={Tang, Changcheng and Ye, Zuochang and Wang, Yan},
  booktitle={2018 IEEE Computer Society Annual Symposium on VLSI (ISVLSI)},
  pages={197--202},
  year={2018},
  organization={IEEE},
  comment={强化学习 learning to optimize. 最后一个例子是电路优化, 里面陈述: 不可避免要调用 Spice 仿真, 但这是黑盒, 无法使用梯度优化.}
}


@Misc{CMC-OMI,
  howpublished={\href{https://si2.org/open-model/}{Open Model Interface for SPICE}},
  refmaterial={\href{https://www.mos-ak.org/washington_dc_2015/presentations/B01_Colin_Shaw_MOS-AK_Washington_DC_2015.pdf}{CMC OMI PPT, MOS-AK Metting Dec.2015}},
  comment={供仿真器调用, 修改网表的器件模型参数.}
}
@article{velarde2019integration,
  title={ {Integration of Transistor Aging Models across Different EDA Environments} },
  author={Velarde-Gonz{\'a}lez, Fabio A},
  year={2019},
  publisher={ITESO},
  comment={描述了几种在仿真中调用外部程序引入 aging 模型效应的方式, 包括 OMI. 各种参数、模型未能统一, 流程拆成了多份.}
}
@incollection{meijer2001neural,
  title={ {Neural networks for device and circuit modelling} },
  author={Meijer, Peter BL},
  booktitle={Scientific Computing in Electrical Engineering},
  pages={251--258},
  year={2001},
  publisher={Springer},
  comment={借助 Verilog-A,VHDL-AMS, 理论上可以表达任意非线性子系统. 有一个例子, 用一个简单神经网络, 实现为 VHDL-AMS, 代替一个由 500 个 transistor 组成的电路.}
}
@inproceedings{zhang2014large,
  title={ {Large-signal MOSFET modeling using frequency-domain nonlinear system identification} },
  author={Zhang, Moning and Tang, Yang and Ye, Zuochang},
  booktitle={2014 IEEE/ACM International Conference on Computer-Aided Design (ICCAD)},
  pages={626--632},
  year={2014},
  organization={IEEE},
  comment={这里使用 Volterra 多项式级数展开建模, 使用 Spice 内部器件表达建模后的行为. 不够即插即用.}
}
@article{zhang2017artificial,
  title={ {Artificial neural network design for compact modeling of generic transistors} },
  author={Zhang, Lining and Chan, Mansun},
  journal={Journal of Computational Electronics},
  volume={16},
  number={3},
  pages={825--832},
  year={2017},
  publisher={Springer},
  comment={用 Verilog-A 把 NN 器件模型耦合进仿真器.}
}
@inproceedings{zhang2019new,
  title={ {New-generation design-technology co-optimization (DTCO): Machine-learning assisted modeling framework} },
  author={Zhang, Zhe and Wang, Runsheng and Chen, Cheng and Huang, Qianqian and Wang, Yangyuan and Hu, Cheng and Wu, Dehuang and Wang, Joddy and Huang, Ru},
  booktitle={2019 Silicon Nanoelectronics Workshop (SNW)},
  pages={1--2},
  year={2019},
  organization={IEEE},
  comment={北大信科. 用神经网络拟合 MOS 管特性, 集成到 HSPICE 里, 未说明如何集成.}
}
@article{roymohapatra2019novel,
  title={ {A novel hierarchical circuit LUT model for SOI technology for rapid prototyping} },
  author={Roymohapatra, Sitansusekhar and Gore, Ganesh R and Yadav, Akanksha and Patil, Mahesh B and Rengarajan, Krishnan S and Iyer, Subramanian S and Baghini, Maryam Shojaei},
  journal={IEEE Transactions on Computer-Aided Design of Integrated Circuits and Systems},
  volume={39},
  number={5},
  pages={1073--1083},
  year={2019},
  publisher={IEEE},
  comment={可作为下游建模客户}
}


@article{mahmutoglu2018new,
  title={ {New generation verilog-A model development tools: VAPP and VALint} },
  author={Mahmutoglu, A and Wang, Xufeng and Roychowdhury, Jaijeet},
  journal={New Generation Verilog-A Model Development Tools: VAPP and VALint, Tech. Rep},
  year={2018},
  comment={Berkeley 较新的 Verilog-A 编译器文章. 运行于 Matlab/Octave.}
}
@article{kuthe2020verilogae,
  title={ {VerilogAE: An Open Source Verilog-A Compiler for Compact Model Parameter Extraction} },
  author={Kuthe, Pascal and M{\"u}ller, Markus and Schr{\"o}ter, Michael},
  journal={IEEE Journal of the Electron Devices Society},
  volume={8},
  pages={1416--1423},
  year={2020},
  publisher={IEEE},
  comment={Verilog-A 编译器, 可提取暴露器件方程.}
}
@inproceedings{hu2020adjoint,
  title={ {Adjoint transient sensitivity analysis for objective functions associated to many time points} },
  author={Hu, Wenfei and Ye, Zuochang and Wang, Yan},
  booktitle={2020 57th ACM/IEEE Design Automation Conference (DAC)},
  pages={1--6},
  year={2020},
  organization={IEEE},
  comment={研究了瞬态仿真沿时间方向的反传, 未涉及电路层次之间的反传.}
}

@article{baydin2018automatic,
  title={ {Automatic differentiation in machine learning: a survey} },
  author={Baydin, Atilim Gunes and Pearlmutter, Barak A and Radul, Alexey Andreyevich and Siskind, Jeffrey Mark},
  journal={Journal of Marchine Learning Research},
  volume={18},
  pages={1--43},
  year={2018},
  publisher={Microtome Publishing}
}
@book{goodfellow2016deep,
  title={ {Deep learning} },
  author={Goodfellow, Ian and Bengio, Yoshua and Courville, Aaron},
  year={2016},
  publisher={MIT press}
}
@article{zhang2018deep,
  title={ {Deep potential molecular dynamics: a scalable model with the accuracy of quantum mechanics} },
  author={Zhang, Linfeng and Han, Jiequn and Wang, Han and Car, Roberto and Weinan, EJPRL},
  journal={Physical review letters},
  volume={120},
  number={14},
  pages={143001},
  year={2018},
  publisher={APS}
}
@inproceedings{long2018pde,
  title={ {PDE-Net: Learning PDEs from data} },
  author={Long, Zichao and Lu, Yiping and Ma, Xianzhong and Dong, Bin},
  booktitle={International Conference on Machine Learning},
  pages={3208--3216},
  year={2018},
  organization={PMLR}
}
@article{long2019pde,
  title={ {PDE-Net 2.0: Learning PDEs from data with a numeric-symbolic hybrid deep network} },
  author={Long, Zichao and Lu, Yiping and Dong, Bin},
  journal={Journal of Computational Physics},
  volume={399},
  pages={108925},
  year={2019},
  publisher={Elsevier}
}
@article{Bezanson_Julia_A_fresh_2017,
  author = {Bezanson, Jeff and Edelman, Alan and Karpinski, Stefan and Shah, Viral B.},
  doi = {10.1137/141000671},
  journal = {SIAM Review},
  month = {9},
  number = {1},
  pages = {65--98},
  title = { {Julia: A fresh approach to numerical computing} },
  volume = {59},
  year = {2017}
}

@book{aho2007compilers,
  title={ {Compilers: principles, techniques, \& tools} },
  author={Aho, Alfred V and Lam, Monica S and Sethi, Ravi and Ullman, Jeffrey D},
  year={2007},
  publisher={Pearson Education India}
}
@book{muchnick1997advanced,
  title={ {Advanced compiler design implementation} },
  author={Muchnick, Steven and others},
  year={1997},
  publisher={Morgan kaufmann}
}
@book{appel2004modern,
  title={ {Modern compiler implementation in C} },
  author={Appel, Andrew W},
  year={2004},
  publisher={Cambridge university press}
}

@Misc{OpAmpPNG,
  howpublished={\href{https://en.wikipedia.org/wiki/Operational_amplifier}{Wikipedia: Operational Amplifier}}
}
@article{wachter2006implementation,
  title={ {On the implementation of an interior-point filter line-search algorithm for large-scale nonlinear programming} },
  author={W{\"a}chter, Andreas and Biegler, Lorenz T},
  journal={Mathematical programming},
  volume={106},
  number={1},
  pages={25--57},
  year={2006},
  publisher={Springer}
}
